@article{book,
    author = {Edinburgh Napier University},
    title = {Workbook - Computer Graphics module},
    keywords = {napier, graphics, workbook}
} 
@article{dragons,
	author = {HBO},
	title = {Games of Thrones},
	keywords = {HBO, series, dragons}
} 
